<?xml version="1.0" encoding="UTF-8"?><collection xmlns="http://www.loc.gov/MARC21/slim"><record><leader>00435nam--2200133-i-4500</leader><controlfield tag="001">000036718</controlfield><controlfield tag="002">20161230</controlfield><controlfield tag="005">20161230201041</controlfield><controlfield tag="008">060222s1000------------r-----000-0-eng-d</controlfield><datafield ind1=" " ind2=" " tag="080"><subfield code="a">533.9(043)</subfield></datafield><datafield ind1=" " ind2=" " tag="100"><subfield code="a">Plein, Peter</subfield></datafield><datafield ind1=" " ind2=" " tag="245"><subfield code="a">Untersuchungen zur plasmapolymerisation anlagenkonzeption, prozessanalyse und schichteigenschaften. dissert</subfield></datafield><datafield ind1=" " ind2=" " tag="260"><subfield code="a">Aachen, Rheinisch-westfalischen Technischen, Hochschule, 1988, 185p</subfield></datafield><datafield ind1=" " ind2=" " tag="852"><subfield code="a">78799</subfield></datafield></record></collection>